@article{vergara2014infection,
  title={Infection dynamics in coexisting sexual and asexual host populations: support for the {Red Queen} hypothesis},
  author={Vergara, Daniela and Jokela, Jukka and Lively, Curtis M},
  journal={The American naturalist},
  volume={184},
  number={S1},
  pages={S22--S30},
  year={2014},
  publisher={University of Chicago Press Chicago, IL}
}

@article{otto2009evolutionary,
  title={The evolutionary enigma of sex},
  author={Otto, Sarah P},
  journal={The American naturalist},
  volume={174},
  number={S1},
  pages={S1--S14},
  year={2009},
  publisher={The University of Chicago Press}
}

@book{bell1982masterpiece,
  title={The Masterpiece of Nature: The Evolution and Genetics of Sexuality},
  author={Bell, Graham},
  year={1982},
  publisher={University of California Press}
}

@article{weissmann1889significance,
  title={The significance of sexual reproduction in the theory of natural selection},
  author={Weissmann, A},
  journal={Essays upon heredity and kindred biological problems. Clarendon},
  pages={251--332},
  year={1889}
}

@article{feldman1996population,
  title={Population genetic perspectives on the evolution of recombination},
  author={Feldman, Marcus W and Otto, Sarah P and Christiansen, Freddy B},
  journal={Annual review of genetics},
  volume={30},
  number={1},
  pages={261--295},
  year={1996},
  publisher={Annual Reviews 4139 El Camino Way, PO Box 10139, Palo Alto, CA 94303-0139, USA}
}


@article{charlesworth1990mutation,
  title={Mutation-selection balance and the evolutionary advantage of sex and recombination},
  author={Charlesworth, Brian},
  journal={Genetical research},
  volume={55},
  number={03},
  pages={199--221},
  year={1990},
  publisher={Cambridge Univ Press}
}

@article{barton1995general,
  title={A general model for the evolution of recombination},
  author={Barton, NH},
  journal={Genetical research},
  volume={65},
  number={02},
  pages={123--144},
  year={1995},
  publisher={Cambridge Univ Press}
}

@article{otto2003advantages,
  title={The advantages of segregation and the evolution of sex},
  author={Otto, Sarah P},
  journal={Genetics},
  volume={164},
  number={3},
  pages={1099--1118},
  year={2003},
  publisher={Genetics Soc America}
}

@article{salathe2008rapid,
  title={Rapid parasite adaptation drives selection for high recombination rates},
  author={Salath{\'e}, Marcel and Kouyos, Roger D and Regoes, Roland R and Bonhoeffer, Sebastian and Van Baalen, M},
  journal={Evolution},
  volume={62},
  number={2},
  pages={295--300},
  year={2008},
  publisher={BioOne}
}

@article{agrawal2005evolution,
  title={The evolution of plastic recombination},
  author={Agrawal, Aneil F and Hadany, Lilach and Otto, Sarah P},
  journal={Genetics},
  volume={171},
  number={2},
  pages={803--812},
  year={2005},
  publisher={Genetics Soc America}
}

@article{muller1964relation,
  title={The relation of recombination to mutational advance},
  author={Muller, Hermann Joseph},
  journal={Mutation Research/Fundamental and Molecular Mechanisms of Mutagenesis},
  volume={1},
  number={1},
  pages={2--9},
  year={1964},
  publisher={Elsevier}
}

@article{howard1994parasitism,
  title={Parasitism, mutation accumulation and the maintenance of sex},
  author={Howard, R Stephen and Lively, Curtis M and others},
  journal={Nature},
  volume={367},
  number={6463},
  pages={554--557},
  year={1994}
}

@article{hartfield2012current,
  title={Current hypotheses for the evolution of sex and recombination},
  author={Hartfield, Matthew and Keightley, Peter D},
  journal={Integrative zoology},
  volume={7},
  number={2},
  pages={192--209},
  year={2012},
  publisher={Wiley Online Library}
}

@article{lehtonen2012many,
  title={The many costs of sex},
  author={Lehtonen, Jussi and Jennions, Michael D and Kokko, Hanna},
  journal={Trends in Ecology \& Evolution},
  volume={27},
  number={3},
  pages={172--178},
  year={2012},
  publisher={Elsevier}
}

@article{nei1967modification,
  title={Modification of linkage intensity by natural selection},
  author={Nei, Masatoshi},
  journal={Genetics},
  volume={57},
  number={3},
  pages={625},
  year={1967},
  publisher={Genetics Society of America}
}

@article{christiansen1998waiting,
  title={Waiting with and without recombination: the time to production of a double mutant},
  author={Christiansen, Freddy B and Otto, Sarah P and Bergman, Aviv and Feldman, Marcus W},
  journal={Theoretical population biology},
  volume={53},
  number={3},
  pages={199--215},
  year={1998},
  publisher={Elsevier}
}

@article{slowinski2016coevolutionary,
  title={Coevolutionary interactions with parasites constrain the spread of self-fertilization into outcrossing host populations},
  author={Slowinski, Samuel P and Morran, Levi T and Parrish, Raymond C and Cui, Eric R and Bhattacharya, Amrita and Lively, Curtis M and Phillips, Patrick C},
  journal={Evolution},
  volume={70},
  number={11},
  pages={2632--2639},
  year={2016},
  publisher={Wiley Online Library}
}

@article{agrawal2001parasites,
  title={Parasites and the evolution of self-fertilization},
  author={Agrawal, Aneil F and Lively, Curtis M},
  journal={Evolution},
  volume={55},
  number={5},
  pages={869--879},
  year={2001},
  publisher={BioOne}
}

@article{otto2004species,
  title={Species interactions and the evolution of sex},
  author={Otto, Sarah P and Nuismer, Scott L},
  journal={Science},
  volume={304},
  number={5673},
  pages={1018--1020},
  year={2004},
  publisher={American Association for the Advancement of Science}
}

@article{ashby2015diversity,
  title={Diversity and the maintenance of sex by parasites},
  author={Ashby, Ben and King, Kayla C},
  journal={Journal of Evolutionary Biology},
  volume={28},
  number={3},
  pages={511--520},
  year={2015},
  publisher={Wiley Online Library}
}

@article{lively2010epidemiological,
  title={An epidemiological model of host--parasite coevolution and sex},
  author={Lively, Curtis M},
  journal={Journal of evolutionary biology},
  volume={23},
  number={7},
  pages={1490--1497},
  year={2010},
  publisher={Wiley Online Library}
}

@article{king2009geographic,
  title={The geographic mosaic of sex and the Red Queen},
  author={King, Kayla C and Delph, Lynda F and Jokela, Jukka and Lively, Curtis M},
  journal={Current Biology},
  volume={19},
  number={17},
  pages={1438--1441},
  year={2009},
  publisher={Elsevier}
}

@article{gibson2016fine,
  title={Fine-scale spatial covariation between infection prevalence and susceptibility in a natural population},
  author={Gibson, Amanda K and Jokela, Jukka and Lively, Curtis M and Bolnick, Daniel I and Bronstein, Judith L},
  journal={The American Naturalist},
  volume={188},
  number={1},
  pages={1--14},
  year={2016},
  publisher={University of Chicago Press Chicago, IL}
}

@article{mckone2016fine,
  title={Fine-scale association between parasites and sex in {{\em Potamopyrgus antipodarum}} within a {New Zealand} lake},
  author={McKone, Mark J and Gibson, Amanda K and Cook, Dan and Freymiller, Laura A and Mishkind, Darcy and Quinlan, Anna and York, Jocelyn M and Lively, Curtis M and Neiman, Maurine},
  journal={New Zealand Journal of Ecology},
  volume={40},
  number={3},
  pages={1},
  year={2016},
  publisher={New Zealand Ecological Society}
}

@article{gibson2017two,
  title={The two-fold cost of sex: Experimental evidence from a natural system},
  author={Gibson, Amanda K and Delph, Lynda F and Lively, Curtis M},
  journal={Evolution Letters},
  volume={1},
  number={1},
  pages={6--15},
  year={2017},
  publisher={Wiley Online Library}
}

@article{hechinger2012faunal,
  title={Faunal survey and identification key for the trematodes (Platyhelminthes: Digenea) infecting {{\em Potamopyrgus antipodarum}} ({Gastropoda: Hydrobiidae}) as first intermediate host},
  author={HECHINGER, RYAN F},
  journal={Zootaxa},
  volume={3418},
  pages={1--27},
  year={2012}
}

@article{ashby2014parasitic,
  title={Parasitic castration promotes coevolutionary cycling but also imposes a cost on sex},
  author={Ashby, Ben and Gupta, Sunetra},
  journal={Evolution},
  volume={68},
  number={8},
  pages={2234--2244},
  year={2014},
  publisher={Wiley Online Library}
}

@article{may1983epidemiology,
  title={Epidemiology and genetics in the coevolution of parasites and hosts},
  author={May, Robert M and Anderson, Roy M},
  journal={Proceedings of the Royal Society of London B: Biological Sciences},
  volume={219},
  number={1216},
  pages={281--313},
  year={1983},
  publisher={The Royal Society}
}

@article{lively1987evidence,
  title={Evidence from a {New Zealand} snail for the maintenance of sex by parasitism},
  author={Lively, Curtis M},
  journal={Nature},
  volume={328},
  number={6130},
  pages={519--521},
  year={1987},
  publisher={Nature Publishing Group}
}

@article{dybdahl1998host,
  title={Host-parasite coevolution: evidence for rare advantage and time-lagged selection in a natural population},
  author={Dybdahl, Mark F and Lively, Curtis M},
  journal={Evolution},
  pages={1057--1066},
  year={1998},
  publisher={JSTOR}
}

@article{agrawal2006host,
  title={Host-parasite coevolution and selection on sex through the effects of segregation},
  author={Agrawal, Aneil F and Otto, Sarah P},
  journal={The American Naturalist},
  volume={168},
  number={5},
  pages={617--629},
  year={2006},
  publisher={The University of Chicago Press}
}

@article{michiels2001parthenogenetic,
  title={Parthenogenetic flatworms have more symbionts than their coexisting, sexual conspecifics, but does this support the {Red Queen}?},
  author={Michiels, NK and Beukeboom, LW and Pongratz, N and Zeitlinger, J},
  journal={Journal of Evolutionary Biology},
  volume={14},
  number={1},
  pages={110--119},
  year={2001},
  publisher={Wiley Online Library}
}

@article{auld2016sex,
  title={Sex as a strategy against rapidly evolving parasites},
  author={Auld, Stuart KJR and Tinkler, Shona K and Tinsley, Matthew C},
  journal={Proceedings of the Royal Society B: Biological Sciences},
  volume={283},
  number={1845},
  year={2016},
  publisher={Royal Society}
}

@article{hakoyama2004coexistence,
  title={Coexistence of a sexual and an unisexual form stabilized by parasites},
  author={Hakoyama, Hiroshi and Iwasa, Yoh},
  journal={Journal of theoretical biology},
  volume={226},
  number={2},
  pages={185--194},
  year={2004},
  publisher={Elsevier}
}

@article{verhoeven2013geographic,
  title={Geographic parthenogenesis and plant-enemy interactions in the common dandelion},
  author={Verhoeven, Koen JF and Biere, Arjen},
  journal={BMC evolutionary biology},
  volume={13},
  number={1},
  pages={23},
  year={2013},
  publisher={BioMed Central}
}

@article{kumpulainen2004parasites,
  title={Parasites and sexual reproduction in psychid moths},
  author={Kumpulainen, Tomi and Grapputo, Alessandro and Mappes, Johanna and Bj{\"o}rklund, M},
  journal={Evolution},
  volume={58},
  number={7},
  pages={1511--1520},
  year={2004},
  publisher={BioOne}
}

@article{lively2001trematode,
  title={Trematode infection and the distribution and dynamics of parthenogenetic snail populations},
  author={Lively, Curtis M},
  journal={Parasitology},
  volume={123},
  number={07},
  pages={19--26},
  year={2001},
  publisher={Cambridge Univ Press}
}

@article{neiman2017sex,
  title={Why Sex? {A} Pluralist Approach Revisited},
  author={Neiman, Maurine and Lively, Curtis M and Meirmans, Stephanie},
  journal={Trends in Ecology \& Evolution},
  year={2017},
  publisher={Elsevier}
}

@article{meirmans2006methodologies,
  title={Methodologies for testing a pluralist idea for the maintenance of sex},
  author={Meirmans, Stephanie and Neiman, Maurine},
  journal={Biological Journal of the Linnean Society},
  volume={89},
  number={4},
  pages={605--613},
  year={2006},
  publisher={Wiley Online Lbrary}
}

@article{bruvo2007synergism,
  title={Synergism between mutational meltdown and Red Queen in parthenogenetic biotypes of the freshwater planarian {{\em Schmidtea polychroa}}},
  author={Bruvo, Ru{\v{z}}a and Schulenburg, Hinrich and Storhas, Martin and K Michiels, Nico},
  journal={Oikos},
  volume={116},
  number={2},
  pages={313--323},
  year={2007},
  publisher={Wiley Online Library}
}

@article{agrawal2002infection,
  title={Infection genetics: gene-for-gene versus matching-alleles models and all points in between},
  author={Agrawal, Aneil and Lively, Curtis M},
  journal={Evolutionary Ecology Research},
  volume={4},
  number={1},
  pages={91--107},
  year={2002},
  publisher={Evolutionary Ecology, Ltd.}
}

@article{agrawal2009differences,
  title={Differences between selection on sex versus recombination in {Red Queen} models with diploid hosts},
  author={Agrawal, Aneil F},
  journal={Evolution},
  volume={63},
  number={8},
  pages={2131--2141},
  year={2009},
  publisher={Wiley Online Library}
}

@article{ben2005spatial,
  title={Spatial and temporal patterns of parthenogenesis and parasitism in the freshwater snail {{\em Melanoides tuberculata}}},
  author={Ben-Ami, F and Heller, J},
  journal={Journal of Evolutionary Biology},
  volume={18},
  number={1},
  pages={138--146},
  year={2005},
  publisher={Wiley Online Library}
}

@article{dybdahl1995diverse,
  title={Diverse, endemic and polyphyletic clones in mixed populations of a freshwater snail ({{\em Potamopyrgus antipodarum}})},
  author={Dybdahl, Mark F and Lively, Curtis M},
  journal={Journal of Evolutionary Biology},
  volume={8},
  number={3},
  pages={385--398},
  year={1995},
  publisher={Wiley Online Library}
}

@article{turner2012tutorial,
  title={A tutorial on approximate Bayesian computation},
  author={Turner, Brandon M and Van Zandt, Trisha},
  journal={Journal of Mathematical Psychology},
  volume={56},
  number={2},
  pages={69--85},
  year={2012},
  publisher={Elsevier}
}

@article{dagan2013clonal,
  title={Clonal diversity driven by parasitism in a freshwater snail},
  author={Dagan, Y and Liljeroos, K and Jokela, J and Ben-Ami, F},
  journal={Journal of evolutionary biology},
  volume={26},
  number={11},
  pages={2509--2519},
  year={2013},
  publisher={Wiley Online Library}
}

@article{ben2007temporal,
  title={Temporal patterns of geographic parthenogenesis in a freshwater snail},
  author={Ben-Ami, Frida and Heller, Joseph},
  journal={Biological journal of the Linnean Society},
  volume={91},
  number={4},
  pages={711--718},
  year={2007},
  publisher={Oxford University Press}
}

@article{vergara2013geographic,
  title={The geographic mosaic of sex and infection in lake populations of a New Zealand snail at multiple spatial scales},
  author={Vergara, Daniela and Lively, Curtis M and King, Kayla C and Jokela, Jukka},
  journal={The American Naturalist},
  volume={182},
  number={4},
  pages={484--493},
  year={2013},
  publisher={University of Chicago Press Chicago, IL}
}

@book{smith1978evolution,
  title={The Evolution of Sex},
  author={Smith, J Maynard},
  volume={54},
  number={1},
  year={1978},
  publisher={Cambridge Univ Press}
}

@article{lively1996host,
  title={Host-parasite coevolution and sex},
  author={Lively, Curtis M},
  journal={Bioscience},
  volume={46},
  number={2},
  pages={107--114},
  year={1996},
  publisher={JSTOR}
}

@article{vrijenhoek1998animal,
  title={Animal clones and diversity},
  author={Vrijenhoek, Robert C},
  journal={Bioscience},
  volume={48},
  number={8},
  pages={617--628},
  year={1998},
  publisher={JSTOR}
}

@article{hamilton1980sex,
  title={Sex versus non-sex versus parasite},
  author={Hamilton, William D},
  journal={Oikos},
  pages={282--290},
  year={1980},
  publisher={JSTOR}
}


@article{jbs1949disease,
  title={Disease and evolution},
  author={Haldane, John Burton Sanderson},
  journal={La Ricerca Scientific Supplement},
  volume={19},
  pages={68--76},
  year={1949}
}

@article{clarke1976ecological,
  title={The ecological genetics of host-parasite relationships},
  author={Clarke, Bryan},
  journal={Genetic aspects of host-parasite relationships. Blackwell, London},
  pages={87--103},
  year={1976}
}

@article{jaenike1978hypothesis,
  title={An hypothesis to account for the maintenance of sex within populations},
  author={Jaenike, John},
  journal={Evolutionary Theory},
  volume={3},
  pages={191--194},
  year={1978}
}

@article{clay1996red,
  title={{The Red Queen} hypothesis and plant/pathogen interactions},
  author={Clay, Keith and Kover, Paula X},
  journal={Annual review of phytopathology},
  volume={34},
  number={1},
  pages={29--50},
  year={1996},
  publisher={Annual Reviews 4139 El Camino Way, PO Box 10139, Palo Alto, CA 94303-0139, USA}
}

@article{otto1998evolution,
  title={The evolution of recombination in changing environments},
  author={Otto, Sarah P and Michalakis, Yannis},
  journal={Trends in Ecology \& Evolution},
  volume={13},
  number={4},
  pages={145--151},
  year={1998},
  publisher={Elsevier}
}

@article{lively2010effect,
  title={The effect of host genetic diversity on disease spread},
  author={Lively, Curtis M},
  journal={The American Naturalist},
  volume={175},
  number={6},
  pages={E149--E152},
  year={2010},
  publisher={The University of Chicago Press}
}


@article{king2012does,
  title={Does genetic diversity limit disease spread in natural host populations?},
  author={King, KC and Lively, Curtis M},
  journal={Heredity},
  volume={109},
  number={4},
  pages={199--203},
  year={2012},
  publisher={Nature Publishing Group}
}

@article{toni2009approximate,
  title={{Approximate Bayesian computation scheme for parameter inference and model selection in dynamical systems}},
  author={Toni, Tina and Welch, David and Strelkowa, Natalja and Ipsen, Andreas and Stumpf, Michael PH},
  journal={Journal of the Royal Society Interface},
  volume={6},
  number={31},
  pages={187--202},
  year={2009},
  publisher={The Royal Society}
}

@article{king2011parasites,
  title={Parasites, sex, and clonal diversity in natural snail populations},
  author={King, Kayla C and Jokela, Jukka and Lively, Curtis M},
  journal={Evolution},
  volume={65},
  number={5},
  pages={1474--1481},
  year={2011},
  publisher={Wiley Online Library}
}

@article{lively2002temporal,
  title={Temporal and spatial distributions of parasites and sex in a freshwater snail},
  author={Lively, Curtis M and Jokela, Jukka},
  journal={Evolutionary Ecology Research},
  volume={4},
  number={2},
  pages={219--226},
  year={2002},
  publisher={Evolutionary Ecology, Ltd.}
}

@article{lively1992parthenogenesis,
  title={Parthenogenesis in a freshwater snail: reproductive assurance versus parasitic release},
  author={Lively, Curtis M},
  journal={Evolution},
  volume={46},
  number={4},
  pages={907--913},
  year={1992},
  publisher={Wiley Online Library}
}

@inproceedings{galvani2001antigenic,
  title={Antigenic diversity and the selective value of sex in parasites},
  author={Galvani, Alison P and Coleman, Ronald M and Ferguson, Neil M},
  booktitle={Annales Zoologici Fennici},
  pages={305--314},
  year={2001},
  organization={JSTOR}
}

@article{galvani2003maintenance,
  title={The maintenance of sex in parasites},
  author={Galvani, Alison P and Coleman, Ronald M and Ferguson, Neil M},
  journal={Proceedings of the Royal Society of London B: Biological Sciences},
  volume={270},
  number={1510},
  pages={19--28},
  year={2003},
  publisher={The Royal Society}
}

@article{lively2009maintenance,
  title={The maintenance of sex: host--parasite coevolution with density-dependent virulence},
  author={Lively, CM},
  journal={Journal of Evolutionary Biology},
  volume={22},
  number={10},
  pages={2086--2093},
  year={2009},
  publisher={Wiley Online Library}
}

@article{tobler2008expanding,
  title={Expanding the horizon: the {Red Queen} and potential alternatives},
  author={Tobler, M and Schlupp, I},
  journal={Canadian Journal of Zoology},
  volume={86},
  number={8},
  pages={765--773},
  year={2008},
  publisher={NRC Research Press}
}

@misc{dryad_29nk3_2,
  title = {{Data from: Infection dynamics in coexisting sexual and asexual host populations: support for the Red Queen hypothesis}},
  author = {Vergara, D and Jokela, J and Lively, CM},
  year = {2014},
  journal = {The American Naturalist},
  URL = {https://doi.org/10.5061/dryad.29nk3.2},
  doi = {doi:10.5061/dryad.29nk3.2},
  publisher = {Dryad Digital Repository}
}

@misc{dryad_f5t56,
  title = {{Data from: Clonal diversity driven by parasitism in a freshwater snail}},
  author = {Dagan, Y and Liljeroos, K and Jokela, J and Ben-Ami, F},
  year = {2013},
  journal = {Journal of Evolutionary Biology},
  URL = {https://doi.org/10.5061/dryad.f5t56},
  doi = {doi:10.5061/dryad.f5t56},
  publisher = {Dryad Digital Repository}
}

@article{macpherson2018joint,
  title={Joint coevolutionary--epidemiological models dampen Red Queen cycles and alter conditions for epidemics},
  author={MacPherson, Ailene and Otto, Sarah P},
  journal={Theoretical population biology},
  volume={122},
  pages={137--148},
  year={2018},
  publisher={Elsevier}
}

@article{lively1989adaptation,
  title={Adaptation by a parasitic trematode to local populations of its snail host},
  author={Lively, Curtis M},
  journal={Evolution},
  volume={43},
  number={8},
  pages={1663--1671},
  year={1989},
  publisher={Wiley Online Library}
}


@article{dybdahl1995host,
  title={Host-parasite interactions: infection of common clones in natural populations of a freshwater snail ({{\em Potamopyrgus antipodarum}})},
  author={Dybdahl, Mark F and Lively, Curtis M},
  journal={Proceedings of the Royal Society of London B: Biological Sciences},
  volume={260},
  number={1357},
  pages={99--103},
  year={1995},
  publisher={The Royal Society}
}

@article{jokela2009maintenance,
  title={The maintenance of sex, clonal dynamics, and host-parasite coevolution in a mixed population of sexual and asexual snails},
  author={Jokela, Jukka and Dybdahl, Mark F and Lively, Curtis M},
  journal={The American Naturalist},
  volume={174},
  number={S1},
  pages={S43--S53},
  year={2009},
  publisher={The University of Chicago Press}
}

@article{gibson2016within,
  title={Within-population covariation between sexual reproduction and susceptibility to local parasites},
  author={Gibson, Amanda K and Xu, Julie Y and Lively, Curtis M},
  journal={Evolution},
  volume={70},
  number={9},
  pages={2049--2060},
  year={2016},
  publisher={Wiley Online Library}
}

@article{smith1973stability,
  title={The stability of predator-prey systems},
  author={Smith, J Maynard and Slatkin, M},
  journal={Ecology},
  volume={54},
  number={2},
  pages={384--391},
  year={1973},
  publisher={Wiley Online Library}
}

@article{morris1983natural,
  title={Natural exponential families with quadratic variance functions: statistical theory},
  author={Morris, Carl N and others},
  journal={The Annals of Statistics},
  volume={11},
  number={2},
  pages={515--529},
  year={1983},
  publisher={Institute of Mathematical Statistics}
}

@article{lively2010review,
  title={A review of {Red Queen} models for the persistence of obligate sexual reproduction},
  author={Lively, Curtis M},
  journal={Journal of Heredity},
  volume={101},
  number={suppl\_1},
  pages={S13--S20},
  year={2010},
  publisher={Oxford University Press}
}

@article{lively2017habitat,
  title={Habitat Heterogeneity, Host Population Structure, and Parasite Local Adaptation},
  author={Lively, Curtis M},
  journal={Journal of Heredity},
  volume={109},
  number={1},
  pages={29--37},
  year={2017},
  publisher={Oxford University Press US}
}

@article{mcarthur1976suppression,
  title={Suppression of egg production in {Potamopyrgus} antipodarum ({Gastropoda: Hydrobiidae}) by larval trematodes},
  author={McArthur, Carole P and Featherston, DW},
  journal={New Zealand Journal of Zoology},
  volume={3},
  number={1},
  pages={35--38},
  year={1976},
  publisher={Taylor \& Francis}
}

@article{hamilton1990sexual,
  title={Sexual reproduction as an adaptation to resist parasites (a review)},
  author={Hamilton, William D and Axelrod, Robert and Tanese, Reiko},
  journal={Proceedings of the National Academy of Sciences},
  volume={87},
  number={9},
  pages={3566--3573},
  year={1990},
  publisher={National Acad Sciences}
}

@article{schenk2019suicidal,
  title={{Suicidal Red Queen: Population dynamics and genetic drift accelerate diversity loss}},
  author={Schenk, Hanna and Schulenburg, Hinrich and Traulsen, Arne},
  year={2019},
  publisher={bioRxiv}
}

@incollection{lively1994selection,
  title={Selection by parasites for clonal diversity and mixed mating},
  author={Lively, Curtis M and Howard, R Stephen},
  booktitle={Infection, Polymorphism and Evolution},
  pages={1--11},
  year={1994},
  publisher={Springer}
}

@article{winterbourn1974larval,
  title={Larval {Trematoda} parasitizing the {New Zealand} species of {{\em Potamopyrgus}} {(Gastropoda: Hydrobiidae)}},
  author={Winterbourn, MJ},
  journal={Mauri Ora},
  volume={2},
  pages={17--30},
  year={1974}
}

@article{ben2006first,
  title={First report of the invasive freshwater snail {{\em Tarebia granifera}} {(Lamarck, 1816)} {(Gastropoda: Thiaridae)} from {Israel}},
  author={Ben-Ami, Frida},
  journal={Nautilus},
  volume={120},
  number={4},
  pages={156--161},
  year={2006},
  publisher={BAILEY-MATTHEWS SHELL MUSEUM C/O DR JOSE H LEAL, ASSOCIATE/MANAGING EDITOR~…}
}

@article{ben2005differential,
  title={Differential infectivity of {{\em Transversotrema patialense}} for naive fish},
  author={Ben-Ami, Frida and Gold, Daniel and Fried, Bernard},
  journal={Journal of Parasitology},
  volume={91},
  number={4},
  pages={949--951},
  year={2005},
  publisher={BioOne}
}

@article{phillips1989genetics,
  title={Genetics of {{\em Potamopyrgus antipodarum}} {(Gastropoda: Prosobranchia)}: evidence for reproductive modes},
  author={Phillips, Ngaire R and Lambert, David M},
  journal={New Zealand journal of zoology},
  volume={16},
  number={3},
  pages={435--445},
  year={1989},
  publisher={Taylor \& Francis}
}

@article{wallace1992parthenogenesis,
  title={Parthenogenesis, sex and chromosomes in {{\em Potamopyrgus}}},
  author={Wallace, C},
  journal={Journal of Molluscan Studies},
  volume={58},
  number={2},
  pages={93--107},
  year={1992},
  publisher={Oxford University Press}
}

@article{samadi1999microsatellite,
  title={Microsatellite and morphological analysis of population structure in the parthenogenetic freshwater snail {{\em Melanoides tuberculata}}: insights into the creation of clonal variability},
  author={Samadi, S and Mav{\'a}rez, J and Pointier, J-P and Delay, B and Jarne, P},
  journal={Molecular Ecology},
  volume={8},
  number={7},
  pages={1141--1153},
  year={1999},
  publisher={Wiley Online Library}
}

@article{koskella2009evidence,
  title={Evidence for negative frequency-dependent selection during experimental coevolution of a freshwater snail and a sterilizing trematode},
  author={Koskella, Britt and Lively, Curtis M},
  journal={Evolution: International Journal of Organic Evolution},
  volume={63},
  number={9},
  pages={2213--2221},
  year={2009},
  publisher={Wiley Online Library}
}

@article{lively2004host,
  title={Host sex and local adaptation by parasites in a snail-trematode interaction},
  author={Lively, Curtis M and Dybdahl, Mark F and Jokela, Jukka and Osnas, Erik E and Delph, Lynda F},
  journal={the american naturalist},
  volume={164},
  number={S5},
  pages={S6--S18},
  year={2004},
  publisher={The University of Chicago Press}
}

@article{king2011coevolutionary,
  title={Coevolutionary hotspots and coldspots for host sex and parasite local adaptation in a snail-trematode interaction},
  author={King, Kayla C and Delph, Lynda F and Jokela, Jukka and Lively, Curtis M},
  journal={Oikos},
  volume={120},
  number={9},
  pages={1335--1340},
  year={2011},
  publisher={Wiley Online Library}
}

@article{gibson2018periodic,
  title={Periodic, Parasite-Mediated Selection For and Against Sex},
  author={Gibson, Amanda K and Delph, Lynda F and Vergara, Daniela and Lively, Curtis M},
  journal={The American Naturalist},
  volume={192},
  number={5},
  pages={537--551},
  year={2018},
  publisher={University of Chicago Press Chicago, IL}
}

@article{fox1996genetic,
  title={Genetic structure of coexisting sexual and clonal subpopulations in a freshwater snail ({{\em Potamopyrgus antipodarum}})},
  author={Fox, Jennifer A and Dybdahl, Mark F and Jokela, Jukka and Lively, Curtis M},
  journal={Evolution},
  volume={50},
  number={4},
  pages={1541--1548},
  year={1996},
  publisher={Wiley Online Library}
}

@article{ben2008sex,
  title={Sex versus parasitism versus density},
  author={Ben-Ami, Frida and Heller, Joseph},
  journal={Biological journal of the Linnean Society},
  volume={93},
  number={3},
  pages={537--544},
  year={2008},
  publisher={Oxford University Press}
}

@article{heller1990sexual,
  title={Sexual and parthenogenetic populations of the freshwater snail Melanoides tuberculata in {Israel}},
  author={Heller, Joseph and Farstey, Viviana},
  journal={Israel Journal of Ecology and Evolution},
  volume={37},
  number={2},
  pages={75--87},
  year={1990},
  publisher={Brill}
}

@article{ashby2019understanding,
  title={Understanding the role of eco-evolutionary feedbacks in host-parasite coevolution},
  author={Ashby, Ben and Iritani, Ryosuke and Best, Alex and White, Andy and Boots, Mike},
  journal={Journal of theoretical biology},
  volume={464},
  pages={115--125},
  year={2019},
  publisher={Elsevier}
}

@article{song2015host,
  title={Host-parasite coevolution in populations of constant and variable size},
  author={Song, Yixian and Gokhale, Chaitanya S and Papkou, Andrei and Schulenburg, Hinrich and Traulsen, Arne},
  journal={BMC evolutionary biology},
  volume={15},
  number={1},
  pages={212},
  year={2015},
  publisher={BioMed Central}
}